@manual{UnityDoc,
  title        = {Dokumentacja Unity, wersja 5.3},
  organization = {Unity Technologies},
  year         = 2016,
  note         = {\url{http://docs.unity3d.com/530/Documentation/Manual/index.html}}
}

@manual{UnrealDoc,
  title = {Dokumentacja Unreal Engine, wersja 4},
  organization = {Epic Games, Inc.},
  year         = 2014,
  note         = {\url{https://docs.unrealengine.com/latest/INT/}}
}

@manual{UnrealVSUnity,
  title = {Unity 5 vs Unreal Engine 4},
  author = {unityhacker},
  note         = {7 września 2014, \url{https://create3dgames.wordpress.com/2015/09/07/unity-5-vs-unreal-engine-4/}}
}

@manual{Historia,
  title = {Najważniejsze silniki gier cz. 1},
  author = {Daniel „hELL\_Mariachi" Poręba},
  note = {24 kwietnia 2010, \url{http://www.benchmark.pl/testy_i_recenzje/Najwazniejsze_silniki_gier_cz._1-2798.html}}
}

@manual{testing,
  title = {How common is automated testing in game development?},
  organization = {Game Development Stack Exchange},
  note = {22 grudnia 2011, \url{http://gamedev.stackexchange.com/questions/21397/how-common-is-automated-testing-in-game-development}}
}

@manual{climbing,
  title = {UE4 Ledge Climbing Tutorial},
  author = {Crocopedes},
  note = {23 czerwca 2015, \url{https://www.youtube.com/c/Crocopedes}}
}